<record><leader>00000cas a22000007a 4500</leader><controlfield tag="001">21192703</controlfield><controlfield tag="008">900309d19481973mduwn ne      0    0eng d</controlfield><datafield ind1=" " ind2=" " tag="010"><subfield code="a">sn 90057062 </subfield></datafield><datafield ind1=" " ind2=" " tag="040"><subfield code="a">MFN</subfield><subfield code="b">eng</subfield><subfield code="c">MFN</subfield><subfield code="d">OCLCQ</subfield></datafield><datafield ind1=" " ind2=" " tag="042"><subfield code="a">msc</subfield></datafield><datafield ind1="0" ind2=" " tag="130"><subfield code="a">Goucher weekly (Towson, Md. : 1948)</subfield></datafield><datafield ind1="1" ind2="0" tag="245"><subfield code="a">Goucher weekly.</subfield></datafield><datafield ind1=" " ind2=" " tag="260"><subfield code="a">Baltimore [i.e. Towson, Md.] :</subfield><subfield code="b">Students of Goucher College</subfield></datafield><datafield ind1=" " ind2=" " tag="300"><subfield code="a">v.</subfield></datafield><datafield ind1=" " ind2=" " tag="310"><subfield code="a">Weekly (during the academic year)</subfield></datafield><datafield ind1="0" ind2=" " tag="362"><subfield code="a">Vol. 25, no. 17 (Apr. 4, 1948)-v. 58, no. 20 (May 11, 1973).</subfield></datafield><datafield ind1=" " ind2=" " tag="752"><subfield code="a">United States</subfield><subfield code="b">Maryland</subfield><subfield code="d">Baltimore.</subfield></datafield><datafield ind1=" " ind2=" " tag="752"><subfield code="a">United States</subfield><subfield code="b">Maryland</subfield><subfield code="c">Baltimore</subfield><subfield code="d">Towson.</subfield></datafield><datafield ind1="0" ind2="0" tag="780"><subfield code="t">Goucher College weekly</subfield><subfield code="w">(DLC)sn 90057061</subfield></datafield><datafield ind1="0" ind2="0" tag="785"><subfield code="t">Outcry (Towson, Md.)</subfield><subfield code="w">(DLC)sn 90057083</subfield></datafield></record>